@article{hassanieh2017agile,
  title={Agile Millimeter Wave Networks with Provable Guarantees},
  author={Hassanieh, Haitham and Abari, Omid and et al.},
  journal={arXiv preprint arXiv:1706.06935},
  year={2017}
}

%Says LIDAR not very good in fog / low visibility
%Also says LIDAR is expensive
@article{barnard_2016,
	title={{T}esla and Google Disagree About {LIDAR}. {W}hich Is Right?},
	journal={Clean Technica},
	author={Barnard, Michael},
	year={2016}
}
@inproceedings{yamauchi2010fusing,
	title={Fusing ultra-wideband radar and LIDAR for small UGV navigation in all-weather conditions},
	author={Yamauchi, Brian},
	booktitle={Int. Soc. Opt. Eng.(SPIE)},
	volume={7692},
	pages={1--10},
	year={2010}
}

@misc{kohanbash_2016, 
	title={Perception in Smoke, Dust or Fog}, 
	howpublsihed = "\url{http://robotsforroboticists.com/perception-in-smoke-dust-or-fog/}", 
	note = {\url{http://robotsforroboticists.com/perception-in-smoke-dust-or-fog/}}
	journal={robotsforroboticists.com}, 
	publisher={robotsforroboticists.com}, 
	author={Kohanbash, David}, 
	year={2016}, 
	month={Dec}}

%Weather is a deterent in achieving fully autonomous vehicles
@misc{marshall_2017, 
	title={To Let Self-Driving Cars Go Anywhere, You Must Train Them Everywhere}, 
	url={https://www.wired.com/story/waymo-self-driving-michigan-testing/},
	howpublsihed = "\url{https://www.wired.com/story/waymo-self-driving-michigan-testing/}",
	note = {\url{https://www.wired.com/story/waymo-self-driving-michigan-testing/}},
	journal={Wired}, 
	publisher={Conde Nast}, 
	author={Marshall, Aarian},
	year={2017}, 
	month={Oct}
}
@misc{boudette_2016, 
	title={5 Things That Give Self-Driving Cars Headaches},
	url={https://www.nytimes.com/interactive/2016/06/06/automobiles/autonomous-cars-problems.html},
	howpublished = "\url{https://www.nytimes.com/interactive/2016/06/06/automobiles/autonomous-cars-problems.html}",
	note = {\url{https://www.nytimes.com/interactive/2016/06/06/automobiles/autonomous-cars-problems.html}},
	journal={The New York Times},
	publisher={The New York Times}, 
	author={Boudette, Neal E.}, 
	year={2016}, 
	month={Jun}
}

%Hardware to be cited
@manual{ti_board,
	organization  = "Texas Instruments",
	title         = "IWR1443 Single-Chip 76- to 81-GHz mmWave Sensor",
	number        = "IWR1443",
	year          =  2017,
	month         =  8,    
	note          = "Rev. A"
}

 
@manual{laser_ranger,
	organization  = "Leica",
	title         = "DISTO D2",
	number        = "D2",
	url={https://lasers.leica-geosystems.com/disto/d2},
	howpublsihed = "\url{https://lasers.leica-geosystems.com/disto/d2}",
	note = {\url{https://lasers.leica-geosystems.com/disto/d2}},
	
}

%Sweep time
@manual{sweep_2ms_1,
	organization  = "Analog Devices",
	title         = "Direct Modulation/Fast Waveform Generating,
	13 GHz, Fractional-N Frequency Synthesizer",
	number        = "ADF4159",
	year          =  2014,
	month         =  7,    
	note          = "Rev. E"
}

@manual{sweep_2ms_2,
	organization  = "Texas Instruments",
	title         = "15-GHz Wideband PLLatinum RF Synthesizer
	With Phase Synchronization and JESD204B Support",
	number        = "LMX2594",
	year          =  2017,
	month         =  8,    
	note          = "Rev. A"
}


%Claim that Lidar is not used for speed
@article{whitwam2014google,
	title={How Googleâ€™s self-driving cars detect and avoid obstacles},
	author={Whitwam, Ryan},
	journal={Extreme Tech},
	year={2014}
}
%For Ramp time
@article{adib2015multi,
	title={Multi-Person Localization via RF Body Reflections.},
	author={Adib, Fadel and Kabelac, Zachary and Katabi, Dina},
	journal={NSDI},
	year={2015}
	
	
}

%Lidar:
@misc{ wiki:Lidar,
	author = "Wikipedia contributors",
	title = "Lidar --- Wikipedia",
	year = "2018",
	url = "https://en.wikipedia.org/w/index.php?title=Lidar&oldid=820540368",
	note = {\url{https://en.wikipedia.org/w/index.php?title=Lidar&oldid=820540368}},
}

%For fog machine
@article{fog_machine,
	title={Fog Machine 400W},
	author={1byone},
	url={https://www.1byone.com/Stage-Lighting-Effects/Fog-Machines/O00QL-0047},
	note = {\url{https://www.1byone.com/Stage-Lighting-Effects/Fog-Machines/O00QL-0047}},
	
}
	
%Companies using mmwave


@article{tesla,
	title = {Tesla Autopilot},
	author = {Tesla},
	url={https://www.tesla.com/autopilot},
	note={\url{https://www.tesla.com/autopilot}},
}
	
@article{bmw,
title={BMW Active Driving Assistant},
author={BMW},
url={https://www.bmwusa.com/vehicles/bmwi/bmw-i8/bmw-i8-features-and-specs.html},
note={\url{https://www.bmwusa.com/vehicles/bmwi/bmw-i8/bmw-i8-features-and-specs.html}},
}



@article{honda_sensing,
title={Honda Sensing},
author={Honda},
year={2017},
url={https://automobiles.honda.com/sensing},
note={\url{https://automobiles.honda.com/sensing}},
}

@article{ford_acc,
	title={Adaptive Cruise Control and Collision Warning with Brake Support},
	author={Ford},
	journal={Ford Media Release},
	year={2012},
	url={https://web.archive.org/web/20131014210324/http://corporate.ford.com/doc/Adaptive_Cruise.pdf},
	note={\url{https://web.archive.org/web/20131014210324/http://corporate.ford.com/doc/Adaptive_Cruise.pdf}},
}

@article{wiki_acc,
	title={Autonomous cruise control system},
	journal={Wikipedia},
	url={https://en.wikipedia.org/wiki/Autonomous_cruise_control_system},
	note={\url{https://en.wikipedia.org/wiki/Autonomous_cruise_control_system}},
}

@article{sparse_1,
	author={S. Rangan, T. S. Rappaport, E. Erkip.},
	title={Millimeterwave cellular wireless networks: Potentials and challenges.},
	journal={Proceedings of the IEEE},
	year={2014}
}

@article{sparse_2,
	author={C. R. Anderson and T. S. Rappaport},
	title={Millimeterwave cellular wireless networks: Potentials and challenges.},
	journal={In-Building Wideband Partition Loss Measurements at 2.5 and 60 GHz.},
	year={2004}
}

@article{liquID,
	author={Dhekne, Ashutosh and Gowda, Mahanth and Hassanieh, Haitham and Roy Choudhury, Romit},
	title={},
	journal={(In Submission)},
}

@inproceedings{shen2016smartwatch,
	title={I am a Smartwatch and I can Track my User's Arm},
	author={Shen, Sheng and Wang, He and Roy Choudhury, Romit},
	booktitle={Proceedings of the 14th annual international conference on Mobile systems, applications, and services},
	pages={85--96},
	year={2016},
	organization={ACM}
}

@inproceedings{wang2015mole,
	title={Mole: Motion leaks through smartwatch sensors},
	author={Wang, He and Lai, Ted Tsung-Te and Roy Choudhury, Romit},
	booktitle={Proceedings of the 21st Annual International Conference on Mobile Computing and Networking},
	pages={155--166},
	year={2015},
	organization={ACM}
}

@inproceedings{hassanieh2012simple,
	title={Simple and practical algorithm for sparse Fourier transform},
	author={Hassanieh, Haitham and Indyk, Piotr and Katabi, Dina and Price, Eric},
	booktitle={Proceedings of the twenty-third annual ACM-SIAM symposium on Discrete Algorithms},
	pages={1183--1194},
	year={2012},
	organization={Society for Industrial and Applied Mathematics}
}

@inproceedings{hassanieh2012nearly,
	title={Nearly optimal sparse fourier transform},
	author={Hassanieh, Haitham and Indyk, Piotr and Katabi, Dina and Price, Eric},
	booktitle={Proceedings of the forty-fourth annual ACM symposium on Theory of computing},
	pages={563--578},
	year={2012},
	organization={ACM}
}
@inproceedings{hassanieh2014ghz,
	title={Ghz-wide sensing and decoding using the sparse fourier transform},
	author={Hassanieh, Haitham and Shi, Lixin and Abari, Omid and Hamed, Ezzeldin and Katabi, Dina},
	booktitle={INFOCOM, 2014 Proceedings IEEE},
	pages={2256--2264},
	year={2014},
	organization={IEEE}
}
@inproceedings{roy2014smartphone,
	title={I am a smartphone and i can tell my user's walking direction},
	author={Roy, Nirupam and Wang, He and Roy Choudhury, Romit},
	booktitle={Proceedings of the 12th annual international conference on Mobile systems, applications, and services},
	pages={329--342},
	year={2014},
	organization={ACM}
}
@inproceedings{wang2012no,
	title={No need to war-drive: Unsupervised indoor localization},
	author={Wang, He and Sen, Souvik and Elgohary, Ahmed and Farid, Moustafa and Youssef, Moustafa and Choudhury, Romit Roy},
	booktitle={Proceedings of the 10th international conference on Mobile systems, applications, and services},
	pages={197--210},
	year={2012},
	organization={ACM}
}
%C. R. Anderson and T. S. Rappaport. In-Building Wideband
%Partition Loss Measurements at 2.5 and 60 GHz.
%IEEE Transactions on Wireless Communications, 3(3),
%May .

% Our Webpage

@misc{webpage, 
      title={Demo}, 
      url={http://synrg.csl.illinois.edu/QinF2018/},
      howpublsihed = "\url{http://synrg.csl.illinois.edu/QinF2018/}",
      note = {\url{http://synrg.csl.illinois.edu/QinF2018/}},
}


