@article{snow,
	Author = {Jones, W.D.},
	Title = {Keeping cars from crashing},
	Journal = {IEEE Spectrum},
	Year = 2001
}

@online{SAE,
	Title = {Automated Vehicles for Safety},
	url = {https://www.nhtsa.gov/technology-innovation/automated-vehicles-safety},
	urldate = {2018-12-16}
}

@article{mmWave_SAR,
	Author = {Mamandipoor, B. and Malysa, G. and Arbabian, A. and Madhow, U. and Noujeim,K.},
	Journal = {Asilomar Conference on Signals, Systems and Computers},
	Title = {60 GHz Synthetic Aperture Radar for Short-Range Imaging: Theory and Experiments},
	Year = 2014
}

@article{SAR_DL,
	Author = {Chen, S. and Wang, H.},
	Journal = {International Conference on Data Science and Advanced Analytics, DSAA},
	Title = {SAR Target Recognition Based on Deep Learning},
	Year = 2014
}

@article{ship_SAR,
	Author = {Schwegmann, C.P. and Kleynhans, W. and Salmon, B.P. and Mdakane, L.W. and Meyer, R.G.V.},
	Journal = {IEEE International Geoscience and Remote Sensing Symposium, IGARSS},
	Title = {Very Deep Learning for Ship Discrimination in Synthetic Aperture Radar Imagery},
	Year = 2016
}

@article{change_SAR,
	Author = {Gong, M. and Zhao, J. and Liu, J. and Miao, Q. and Jiao, L.},
	Journal = {IEEE Transactions on Neural Networks and Learning Systems , DSAA},
	Title = {Change Detection in Synthetic Aperture Radar Images Based on Deep Neural Networks},
	Year = 2016
}

@article{rfpose,
	Author = {Zhao, M. and Li, T. and Alsheikh, M.A. and Tian, Y. and Zhao, H. and Torralba, A. and Katabi, D.},
	Journal = {IEEE Conference on Computer Vision and Pattern Recognition, CVPR},
	Title = {Trhough-Wall Human Pose Estimation Using Radio Signals},
	Year = 2018
}

@article{rfpose3D,
	Author = {Zhao, M. and Tian, Y. and Zhao, H. and Alsheikh, M.A. and Li, T. and Hristov, R. and Kabelac, Z. and Katabi, D. and Torralba, A.},
	Journal = {SIGCOMM},
	Title = {RF-Based 3D Skeletons},
	Year = 2018
}

@online{cityscapes,
	Title = {Cityscapes Dataset},
	url = {https://www.cityscapes-dataset.com},
	urldate = {2018-12-16}
}

@article{hams,
	Author = {Nambi, A.U. and Bannur, S. and Mehta, I. and Kalra, H. and Virmani, A. and Padmandabhan, V. and Bhandari, R. and Raman, B.},
	Journal = {ACM MobiCom},
	Title = {Demo: HAMS: Driver and Driving Monitoring using a Smartphone},
	Year = 2018
}

@article{pix2pix,
	title={Image-to-image translation with conditional adversarial networks},
	author={Isola, Phillip and Zhu, Jun-Yan and Zhou, Tinghui and Efros, Alexei A},
	journal={arXiv preprint},
	year={2017}
}

@inproceedings{unet,
	title={U-net: Convolutional networks for biomedical image segmentation},
	author={Ronneberger, Olaf and Fischer, Philipp and Brox, Thomas},
	booktitle={International Conference on Medical image computing and computer-assisted intervention},
	pages={234--241},
	year={2015},
	organization={Springer}
}

@inproceedings{GAN,
	title={Generative adversarial nets},
	author={Goodfellow, Ian and Pouget-Abadie, Jean and Mirza, Mehdi and Xu, Bing and Warde-Farley, David and Ozair, Sherjil and Courville, Aaron and Bengio, Yoshua},
	booktitle={Advances in neural information processing systems},
	pages={2672--2680},
	year={2014}
}

@article{cGANberkeley,
	title={High-resolution image synthesis and semantic manipulation with conditional gans},
	author={Wang, Ting-Chun and Liu, Ming-Yu and Zhu, Jun-Yan and Tao, Andrew and Kautz, Jan and Catanzaro, Bryan},
	journal={arXiv preprint arXiv:1711.11585},
	year={2017}
}

@inproceedings{TV-GAN,
	title={Tv-gan: Generative adversarial network based thermal to visible face recognition},
	author={Zhang, Teng and Wiliem, Arnold and Yang, Siqi and Lovell, Brian},
	booktitle={2018 International Conference on Biometrics (ICB)},
	pages={174--181},
	year={2018},
	organization={IEEE}
}

@article{text2pix,
	title={Generative adversarial text to image synthesis},
	author={Reed, Scott and Akata, Zeynep and Yan, Xinchen and Logeswaran, Lajanugen and Schiele, Bernt and Lee, Honglak},
	journal={arXiv preprint arXiv:1605.05396},
	year={2016}
}

@article{text2pix2,
	title={Stackgan: Text to photo-realistic image synthesis with stacked generative adversarial networks},
	author={Zhang, Han and Xu, Tao and Li, Hongsheng and Zhang, Shaoting and Huang, Xiaolei and Wang, Xiaogang and Metaxas, Dimitris},
	journal={arXiv preprint},
	year={2017}
}


@article{deraning,
	title={Image de-raining using a conditional generative adversarial network},
	author={Zhang, He and Sindagi, Vishwanath and Patel, Vishal M},
	journal={arXiv preprint arXiv:1701.05957},
	year={2017}
}

